<?xml version="1.0" encoding="UTF-8"?><collection xmlns="http://www.loc.gov/MARC21/slim"><record><leader>00623nam--2200169-i-4500</leader><controlfield tag="001">000020649</controlfield><controlfield tag="002">20161230</controlfield><controlfield tag="005">20161230201033</controlfield><controlfield tag="008">060222s1000------------r-----000-0-eng-d</controlfield><datafield ind1=" " ind2=" " tag="040"><subfield code="a">IFIN-HH</subfield></datafield><datafield ind1=" " ind2=" " tag="080"><subfield code="a">539.12.01(061.3)</subfield></datafield><datafield ind1=" " ind2=" " tag="110"><subfield code="a">Institut National De Physique Nucleaire Et Physuque Des Particules</subfield></datafield><datafield ind1="1" ind2="0" tag="245"><subfield code="a">L'interaction forte sous toutes ses couleurs a ecole d`ete de physique des particules, 27eme session 18-22 septembre 1995</subfield><subfield code="b">Gif 95</subfield></datafield><datafield ind1=" " ind2=" " tag="260"><subfield code="a">Orsay</subfield><subfield code="b">Institut National De Physique Nucleaire Et De Physique Des Particules</subfield><subfield code="c">1995</subfield></datafield><datafield ind1=" " ind2=" " tag="300"><subfield code="a">359p</subfield></datafield><datafield ind1=" " ind2=" " tag="852"><subfield code="a">80617</subfield><subfield code="c">539.12</subfield></datafield><datafield ind1=" " ind2=" " tag="CAT"><subfield code="a">Sys</subfield><subfield code="c">20110106</subfield><subfield code="h">120007</subfield></datafield></record></collection>